@online{blogtrello, 
    author = {Michael Pryor},
    title = {50 Million Is Just The Beginning},
    year = 2019,
    url = {https://blog.trello.com/50-million-celebration},
    urldate = {2020-02-26}
}

@book{norman1986user,
  title={User centered system design: New perspectives on human-computer interaction},
  author={Norman, Donald A and Draper, Stephen W},
  year={1986},
  publisher={CRC Press}
}


@online{zenkitinterview, 
    author = {Daniel Hüfner},
    title = {Zenkit: Das Startup mit der Alleskönner-Software},
    year = 2019,
    url = {\url{https://t3n.de/magazin/zenkit-projektmanagement-tool-247059/3/}},
    urldate = {2020-02-26}
}

@online{camtasia, 
    author = {TechSmith},
    title = {Einfache Videobearbeitung und Bildschirmaufnahmen | Camtasia | TechSmith},
    year = 2020,
    url = {\url{https://www.techsmith.de/camtasia.html}},
    urldate = {2020-03-04}
}

@online{windows, 
    author = {Microsoft},
    title = {Windows Sprachrekorder beziehen - Microsoft Store de-DE},
    year = 2020,
    url = {\url{https://www.microsoft.com/de-de/p/windows-sprachrekorder/9wzdncrfhwkn}},
    urldate = {2020-03-04}
}

@online{trello, 
    author = {Trello},
    title = {Boards | Trello},
    year = 2020,
    url = {\url{https://trello.com/}},
    urldate = {2020-03-04}
}

@online{zenkit, 
    author = {Zenkit},
    title = {Start | Zenkit},
    year = 2020,
    url = {\url{https://zenkit.com/}},
    urldate = {2020-03-04}
}


@article{cervone2014effective,
  title={Effective communication for project success},
  author={Cervone, H Frank},
  journal={OCLC Systems and Services: International digital library perspectives},
  year={2014},
  publisher={Emerald Group Publishing Limited}
}

@inproceedings{cicibas2010comparison,
  title={A Comparison of Project Management Software Tools (PMST).},
  author={Cicibas, Halil and Unal, Omer and Demir, Kadir Alpaslan},
  booktitle={Software Engineering Research and Practice},
  pages={560--565},
  year={2010}
}

@online{atlassianslogan, 
    author = {Atlassian},
    title = {Atlasssian: Unternehmen für Softwareentwicklung und Kollaborationssoftware},
    year = 2020,
    url = {\url{https://www.atlassian.com/de/company}},
    urldate = {2020-03-03}
}

@online{iso, 
    author = {Verlag GmbH Beuth},
    title = {DIN EN ISO 9241-11 : 2018-11},
    year = 2018,
    url = {\url{https://www.beuth.de/de/norm/din-en-iso-9241-11/279590417}},
    urldate = {2020-03-04}
}

@inproceedings{nielsen1994usability,
  title={Usability inspection methods},
  author={Nielsen, Jakob},
  booktitle={Conference companion on Human factors in computing systems},
  pages={25--62},
  year={1994}
}


@article{nielsen199510,
  title={10 usability heuristics for user interface design},
  author={Nielsen, Jakob},
  journal={Nielsen Norman Group},
  volume={1},
  number={1},
  year={1995}
}

@article{nielsen1995conduct,
  title={How to conduct a heuristic evaluation},
  author={Nielsen, Jakob},
  journal={Nielsen Norman Group},
  volume={1},
  pages={1--8},
  year={1995}
}

@incollection{hart1988development,
  title={Development of NASA-TLX (Task Load Index): Results of empirical and theoretical research},
  author={Hart, Sandra G and Staveland, Lowell E},
  booktitle={Advances in psychology},
  volume={52},
  pages={139--183},
  year={1988},
  publisher={Elsevier}
}

@article{power,
author = {Mohd Razali, Nornadiah and Yap, Bee},
year = {2011},
month = {01},
pages = {},
title = {Power Comparisons of Shapiro-Wilk, Kolmogorov-Smirnov, Lilliefors and Anderson-Darling Tests},
volume = {2},
journal = {J. Stat. Model. Analytics}
}

@incollection{hassenzahl2003attrakdiff,
  title={AttrakDiff: Ein Fragebogen zur Messung wahrgenommener hedonischer und pragmatischer Qualit{\"a}t},
  author={Hassenzahl, Marc and Burmester, Michael and Koller, Franz},
  booktitle={Mensch \& computer 2003},
  pages={187--196},
  year={2003},
  publisher={Springer}
}

@article{sugimori1977toyota,
  title={Toyota production system and kanban system materialization of just-in-time and respect-for-human system},
  author={Sugimori, Y and Kusunoki, K and Cho, F and Uchikawa, Sjtijopr},
  journal={The international journal of production research},
  volume={15},
  number={6},
  pages={553--564},
  year={1977},
  publisher={Taylor \& Francis}
}


@article{hassenzahl2008user,
  title={Der User Experience (UX) auf der Spur: Zum Einsatz von www. attrakdiff. de},
  author={Hassenzahl, Marc and Koller, Franz and Burmester, Michael},
  journal={Tagungsband UP08},
  year={2008},
  publisher={Fraunhofer Verlag}
}

@article{galy2018measuring,
  title={Measuring mental workload with the NASA-TLX needs to examine each dimension rather than relying on the global score: an example with driving},
  author={Galy, Edith and Paxion, Julie and Berthelon, Catherine},
  journal={Ergonomics},
  volume={61},
  number={4},
  pages={27},
  year={2018},
  publisher={Taylor \& Francis}
}

@book{gensch2003bachelor,
  title={Bachelor-und Master-Studieng{\"a}nge an den staatlichen Hochschulen in Bayern},
  author={Gensch, Sigrid and Schindler, G{\"o}tz},
  year={2003},
  publisher={IHF}
}

